<record><leader>00000cas a22000007a 4500</leader><controlfield tag="001">11342319</controlfield><controlfield tag="008">841102d18721919ksuwr ne      0    0eng d</controlfield><datafield ind1=" " ind2=" " tag="010"><subfield code="a">sn 84027606 </subfield></datafield><datafield ind1=" " ind2=" " tag="040"><subfield code="a">NPU</subfield><subfield code="b">eng</subfield><subfield code="c">NPU</subfield><subfield code="d">OCL</subfield><subfield code="d">NPT</subfield><subfield code="d">NVF</subfield><subfield code="d">OCLCQ</subfield><subfield code="d">OCLCF</subfield><subfield code="d">OCLCO</subfield></datafield><datafield ind1="1" ind2=" " tag="029"><subfield code="a">AU@</subfield><subfield code="b">000020370281</subfield></datafield><datafield ind1=" " ind2=" " tag="042"><subfield code="a">msc</subfield></datafield><datafield ind1=" " ind2=" " tag="043"><subfield code="a">n-us-ks</subfield></datafield><datafield ind1="0" ind2=" " tag="130"><subfield code="a">Osage County chronicle (Burlingame, Kan. : 1872)</subfield></datafield><datafield ind1="1" ind2="4" tag="245"><subfield code="a">The Osage County chronicle.</subfield></datafield><datafield ind1="1" ind2="7" tag="246"><subfield code="a">Osage Co. chronicle</subfield><subfield code="f">&lt;July 7, 1876&gt;</subfield></datafield><datafield ind1=" " ind2=" " tag="260"><subfield code="a">Burlingame, Kan. :</subfield><subfield code="b">W.F. Chalfant,</subfield><subfield code="c">1872-1919.</subfield></datafield><datafield ind1=" " ind2=" " tag="300"><subfield code="a">46 v. :</subfield><subfield code="b">ill. ;</subfield><subfield code="c">54-66 cm.</subfield></datafield><datafield ind1=" " ind2=" " tag="310"><subfield code="a">Weekly,</subfield><subfield code="b">Dec. 25, 1902-May 29, 1919</subfield></datafield><datafield ind1=" " ind2=" " tag="321"><subfield code="a">Weekly,</subfield><subfield code="b">Oct. 4, 1872-June 24, 1901</subfield></datafield><datafield ind1=" " ind2=" " tag="321"><subfield code="a">Semiweekly,</subfield><subfield code="b">June 27-Aug. 22, 1901</subfield></datafield><datafield ind1=" " ind2=" " tag="321"><subfield code="a">3 times a week,</subfield><subfield code="b">Aug. 26, 1901-Dec. 18, 1902</subfield></datafield><datafield ind1="0" ind2=" " tag="362"><subfield code="a">Oct. 4, 1872-v. 56, no. 46 (May 29, 1919).</subfield></datafield><datafield ind1=" " ind2=" " tag="500"><subfield code="a">Published at Lyndon, Kan., Jan. 7-Aug. 11, 1876.</subfield></datafield><datafield ind1=" " ind2=" " tag="500"><subfield code="a">Publisher varies.</subfield></datafield><datafield ind1=" " ind2=" " tag="500"><subfield code="a">Republican.</subfield></datafield><datafield ind1=" " ind2=" " tag="500"><subfield code="a">"City, county and state news."</subfield></datafield><datafield ind1=" " ind2=" " tag="515"><subfield code="a">Numbering is irregular.</subfield></datafield><datafield ind1=" " ind2="0" tag="651"><subfield code="a">Osage County (Kan.)</subfield><subfield code="v">Newspapers.</subfield></datafield><datafield ind1=" " ind2="7" tag="655"><subfield code="a">Newspapers.</subfield><subfield code="2">fast</subfield><subfield code="0">(OCoLC)fst01423814</subfield></datafield><datafield ind1=" " ind2="7" tag="651"><subfield code="a">Kansas</subfield><subfield code="z">Osage County.</subfield><subfield code="2">fast</subfield><subfield code="0">(OCoLC)fst01220951</subfield></datafield><datafield ind1=" " ind2=" " tag="752"><subfield code="a">United States</subfield><subfield code="b">Kansas</subfield><subfield code="c">Osage</subfield><subfield code="d">Burlingame.</subfield></datafield><datafield ind1=" " ind2=" " tag="752"><subfield code="a">United States</subfield><subfield code="b">Kansas</subfield><subfield code="c">Osage</subfield><subfield code="d">Lyndon.</subfield></datafield><datafield ind1="0" ind2="0" tag="780"><subfield code="t">Weekly Osage chronicle (Burlingame, Kan. : 1870)</subfield><subfield code="w">(OCoLC)11364554</subfield></datafield><datafield ind1="0" ind2="5" tag="780"><subfield code="t">Burlingame herald</subfield><subfield code="g">Feb. 9, 1884</subfield><subfield code="w">(DLC)sn 85029344</subfield></datafield><datafield ind1="0" ind2="7" tag="785"><subfield code="t">Burlingame enterprise</subfield><subfield code="w">(DLC)sn 85029349</subfield></datafield><datafield ind1="0" ind2="7" tag="785"><subfield code="t">Enterprise-chronicle</subfield><subfield code="w">(DLC)sn 85029351</subfield></datafield></record>